%Dropbox apostila de laboratório de física do IFSC 
@book{livroPratica1,
author = { Jose {Fabian Schneider} and Eduardo {Ribeiro de Azevedo}},
title = {Laboratório de Física I: livro de práticas},
place = {Instituto de física de São Carlos},
publisher = {Instituto de Física de São Carlos},
year = {2016},
}
@book{livroPratica2,
author = {Jose {Fabian Schneider} and Eduardo {Ribeiro de Azevedo}},
title = {Laboratório de Física II: livro de práticas},
place = {Instituto de física de São Carlos},
publisher = {Instituto de Física de São Carlos},
year = {2016},
}


@book{livroPraticaQuimica2,
author = {Química geral e experimental.},
title = {Apostila das engenharias 2020},
place = {Universidade de São Paulo},
publisher = {Instituto de Química de São Carlos},
year = {2020},
}

@book{atkins,
  title={Princ{\'\i}pios de Qu{\'\i}mica - 7.ed.: Questionando a Vida Moderna e o Meio Ambiente},
  author={Atkins, P. and Jones, L. and Laverman, L.},
  isbn={9788582604625},
  year={2018},
  publisher={Bookman Editora}
}

@book{tiplerfisica,
  title={Física para cientistas e engenheiros: mec{\^a}nica, oscila{\c{c}}{\~o}es e ondas, termodin{\^a}mica. vol. 1},
  author={Tipler, P.A. and Mosca, G.},
  isbn={9788521617105},
  year={2011},
  publisher={Grupo Gen - LTC}
}
@book{moyses1,
  title={Curso de f{\'\i}sica b{\'a}sica: Mec{\^a}nica (vol.1)},
  author={Nussenzveig, H.M.},
  isbn={9788521207467},
  series={1},
  year={2013},
  publisher={Blucher}
}
@book{moyses2,
  title={Curso de f{\'\i}sica b{\'a}sica: Fluidos, oscila{\c{c}}{\~o}es e ondas, calor},
  author={Nussenzveig, H.M.},
  isbn={9788521207481},
  series={Curso de f{\'\i}sica b{\'a}sica},
  year={2018},
  publisher={Editora Blucher}
}
@book{moyses3,
  title={Curso de f{\'\i}sica b{\'a}sica: Eletromagnetismo (vol. 3)},
  author={Nussenzveig, H.M.},
  number={v. 3},
  isbn={9788521208020},
  year={2015},
  publisher={Blucher}
}
@book{moyses4,
  title={Curso de f{\'\i}sica b{\'a}sica: {\'O}tica, relatividade, f{\'\i}sica qu{\^a}ntica (vol. 4)},
  author={Nussenzveig, H.M.},
  isbn={9788521208044},
  year={2014},
  publisher={BLUCHER}
}
@book{handbook,
  title={CRC Handbook of Chemistry and Physics, 98th Edition},
  author={Rumble, J.R. and Rumble, J.},
  isbn={9781498784542},
  series={CRC Handbook of Chemistry and Physics},
  year={2017},
  publisher={CRC Press LLC}
}
@article{Measurements.jl-2016,
  author =	 {{Giordano}, Mos{\`e}},
  title =	 "{Uncertainty propagation with functionally correlated  quantities}",
  journal =	 {ArXiv e-prints},
  archivePrefix ="arXiv",
  eprint =	 {1610.08716},
  primaryClass = "physics.data-an",
  keywords =	 {Physics - Data Analysis, Statistics and Probability},
  year =	 2016,
  month =	 oct,
  adsurl =	 {https://ui.adsabs.harvard.edu/abs/2016arXiv161008716G},
  adsnote =	 {Provided by the SAO/NASA Astrophysics Data System}
}

% videos da prática 4
@inproceedings{ondas-corda,
author = {Eduardo {Riberido de Azevedo}},
title = {Ondas em uma corda},
place = {Instituto de física de São Carlos},
publisher = {Complementos de Física},
note = {\href{https://www.youtube.com/watch?v=efkYQAxF31M&list=PLDre2jYH3njjMv8cYlDXmIZCO1qB5h9CU&index=8&ab_channel=ComplementosdeF\%C3\%ADsica}{Vídeo "Ondas em uma corda"}},
month = Oct,
year = 2020,
}

@inproceedings{ondas-sonoras,
author = {Eduardo {Riberido de Azevedo}},
title = {Ondas sonoras},
place = {Instituto de física de São Carlos},
publisher = {Complementos de Física},
note ={\href{https://www.youtube.com/watch?v=buyMxb1F8IQ&list=PLDre2jYH3njjMv8cYlDXmIZCO1qB5h9CU&index=9&t=298s&ab_channel=ComplementosdeF\%C3\%ADsica}{Vídeo "Ondas sonoras"}},
month = Oct,
year = 2020,
}

@inproceedings{calorimetria,
author = {Eduardo {Riberido de Azevedo}},
title = {Calorimetria},
place = {Instituto de física de São Carlos},
publisher = {Complementos de Física},
note ={\href{https://www.youtube.com/watch?v=buyMxb1F8IQ&list=PLDre2jYH3njjMv8cYlDXmIZCO1qB5h9CU&index=9&t=298s&ab_channel=ComplementosdeF\%C3\%ADsica}{Vídeo "Calorimetria"}},
month = Oct,
year = 2020,
}

@inproceedings{zero-absoluto,
author = {Eduardo {Riberido de Azevedo}},
title = {Calorimetria},
place = {Instituto de física de São Carlos},
publisher = {Complementos de Física},
note ={\url{https://www.youtube.com/watch?v=zpbZGb75Ijk&list=PLDre2jYH3njjMv8cYlDXmIZCO1qB5h9CU&index=4&ab_channel=ComplementosdeF{\%}C3{\%}ADsica}}},
month = Nov,
year = 2020,
}

@inproceedings{gamma-no-ar,
author = {Eduardo {Riberido de Azevedo}},
title = {Determinação do coeficiente gamma = CP/CV do ar},
place = {Instituto de física de São Carlos},
publisher = {Complementos de Física},
note ={\url{https://www.youtube.com/watch?v=EGFd7xEouvA&list=PLDre2jYH3njjMv8cYlDXmIZCO1qB5h9CU&index=3&ab_channel=ComplementosdeF{\%}C3{\%}ADsica}}},
month = Nov,
year = 2020,
}

@misc{wiki:helium,
   author = "{Wikipedia contributors}",
   title = "Plagiarism --- {W}ikipedia{,} The Free Encyclopedia",
   year = "2004",
   url = {https://en.wikipedia.org/wiki/Helium},
   note = {\url{https://en.wikipedia.org/wiki/Helium} Acesso em 05/11, 2021.}
 }