@book{demidovich,
  title={Problemas e exercicios de analise matematica},
  author={Baranenkov, G. and Demidovich, B.P. and de Oiveira, J.C.E.G.},
  isbn={9785030000602},
  url={https://books.google.com.br/books?id=EUGUtwAACAAJ},
  year={1987},
  publisher={Mir}
}
@book{Boyce,
  title={Elementary Differential Equations and Boundary Value Problems},
  author={DiPrima, R.C.},
  isbn={9780470383346},
  lccn={2010483814},
  url={https://books.google.com.br/books?id=nYWcQgAACAAJ},
  year={2008},
  publisher={Wiley}
}